%%%%%%%%%%%%%%%%%%%%%%%%%%%%%%%%%%%%%%%%%%%%%%%%%%%%%%%%%%%%%%%%%%%%%%\

% pokud nechcem aby nam to zmensovalo pismenka v nazvech titulu, 
% tak to obklopit chlupatejma zavorkama

@misc{ Pittman,
  title = 	 {The Pac-Man Dossier},
  author = 	 {Jamey Pittman},
  year = 	 {2009},
  howpublished = {online},
  note = 	 {\url{https://www.gamasutra.com/view/feature/132330/the_pacman_dossier.php} }
}
@misc{ ghosts,
  title = 	 {Pac-Man Ghost AI Explained},
  author = 	 {Retro Game Mechanics Explained},
  year = 	 {2019},
  howpublished = {online},
  note = 	 {\url{https://www.youtube.com/watch?v=ataGotQ7ir8} }
}



